<?xml version="1.0" encoding="UTF-8"?><collection><record><leader>05804ntm a2200577 a 4500</leader><controlfield tag="001">006804482</controlfield><controlfield tag="003">MiAaHDL</controlfield><controlfield tag="005">20190719000000.0</controlfield><controlfield tag="006">m        d        </controlfield><controlfield tag="007">cr bn ---auaua</controlfield><controlfield tag="008">090528q16551656xx            00| ||per d</controlfield><datafield tag="035" ind1=" " ind2=" "><subfield code="a">(MiU)006804482</subfield></datafield><datafield tag="035" ind1=" " ind2=" "><subfield code="a">sdr-miu006804482</subfield></datafield><datafield tag="040" ind1=" " ind2=" "><subfield code="a">MiU</subfield><subfield code="c">MiU</subfield><subfield code="e">amremm</subfield></datafield><datafield tag="043" ind1=" " ind2=" "><subfield code="a">n-us-mi</subfield></datafield><datafield tag="100" ind1="1" ind2=" "><subfield code="6">880-01</subfield><subfield code="a">Rafīʻā, Muḥammad ibn Ḥaydar,</subfield><subfield code="d">1588 or 1589-1670?</subfield></datafield><datafield tag="245" ind1="1" ind2="0"><subfield code="6">880-03</subfield><subfield code="a">Shajarah-i ilāhīyah,</subfield><subfield code="f">[1066, i.e. 1655 or 1656].</subfield></datafield><datafield tag="246" ind1="3" ind2=" "><subfield code="i">Edge title (tail):</subfield><subfield code="a">شجره الهیه</subfield></datafield><datafield tag="260" ind1=" " ind2=" "><subfield code="c">[1655 or 1656].</subfield></datafield><datafield tag="300" ind1=" " ind2=" "><subfield code="a">56 leaves :</subfield><subfield code="b">paper ;</subfield><subfield code="c">240 x 143 (160 x 70) mm.</subfield></datafield><datafield tag="500" ind1=" " ind2=" "><subfield code="a">Shelfmark: Ann Arbor, University of Michigan, Special Collections Library, Isl. Ms. 261</subfield></datafield><datafield tag="500" ind1=" " ind2=" "><subfield code="a">Origin: As appears in scribal colophon on p.115, copied ("nammaqahu") by Āqā Muḥammad al-Marāghī with transcription completed in 1066 [1655 or 6]. As appears in authorial colophon at close on p.115, composition completed 9 Rabīʻ II 1047 [ca. 31 August 1637].</subfield></datafield><datafield tag="500" ind1=" " ind2=" "><subfield code="a">Accompanying materials: a. Scrap of paper with unsigned note "treatise of Shīah theology 1665 [sic]-1656 AD" -- b. Scrap of paper with note in French "Poésies a persan par Md Alauram [?] al Kateb 954 ... £ 900" (paginated pp.107-108).</subfield></datafield><datafield tag="500" ind1=" " ind2=" "><subfield code="a">Former shelfmark: "394 T. D. M. [i.e. Tammaro De Marinis]" inscribed in pencil on verso of front flyleaf.</subfield></datafield><datafield tag="500" ind1=" " ind2=" "><subfield code="a">Binding: Pasteboards covered in dark red-brown leather ; Type III binding (without flap) ; two-piece binding (overlapping flanges visible at spine) ; board linings and hinges in marbled paper (in mauve, orange, light blue, blue, etc.) ; upper and lower covers carry tooled and gold-painted guilloché roll border flanked by gold fillets as well as blind diagonal rules intersecting near center of panel ; sewn in red thread, two stations, failing, most gatherings loose ; worked chevron endbands in pink and light green, headband virtually gone, tailband damaged but in fair condition ; overall in good condition with only minor abrasion, lifting of leather at spine, negative draw in lower cover, etc. ; housed in box for protection.</subfield></datafield><datafield tag="500" ind1=" " ind2=" "><subfield code="a">Support: non-European (likely Persian) laid paper with 9 laid lines per cm. (mainly vertical) and chain lines visible but indistinct, cloudy formation, beige in color, crisp, transluscent, and well-burnished.</subfield></datafield><datafield tag="500" ind1=" " ind2=" "><subfield code="a">Decoration: Exquisite illuminated headpiece (ʻunwān / sarlawḥ) at opening on p.4, consisting of rectangular piece with gold cartouche carrying basmalah in white and elegant swirling vegetal design in gold, yellow, red, lavender, white, etc. on a field of lapis lazuli surmounted by scalloped semi-circular piece (dome) with flanking partial dome pieces filled with similar vegetal decoration on fields of gold, lapis lazuli, etc. ; rectangular piece is surrounded by rich border with bands of red and turquoise flanking a heavy band of gold interlace and entire piece is surmounted by vertical stalks (tīgh) in blue ; written area throughout surrounded by frame consisting of gold and turquoise bands with outermost blue fillet ; use of cloud-bands (in gold) throughout ; keywords in blue ink.</subfield></datafield><datafield tag="500" ind1=" " ind2=" "><subfield code="a">Script: Nastaʻlīq ; bold, elegant hand ; serifless with characteristic descent of words to baseline and superscripting of words and letters at the end of each line ; pointing in distinct dots ; extension and exaggerated thickness of many horizontal strokes.</subfield></datafield><datafield tag="500" ind1=" " ind2=" "><subfield code="a">Layout: Written in 15 lines per page, written area occasional divided to two columns to set-off poetry ; frame-ruled.</subfield></datafield><datafield tag="500" ind1=" " ind2=" "><subfield code="a">Collation: i, IV-2 (6), 6 IV(54), I (56), i ; catchwords present ; pagination in pencil, Western numerals, supplied during digitization (includes insert).</subfield></datafield><datafield tag="500" ind1=" " ind2=" "><subfield code="a">Dedication: As appears in preface (dībāchah) on p.5-6, dedicated to Shāh Ṣafī I (r.1629–1642).</subfield></datafield><datafield tag="500" ind1=" " ind2=" "><subfield code="a">Colophon: "Scribal," triangular, Arabic, reads: "نمقه العبد المذنب الراجى آقا محمد المراغى سنه ١۰۶۶"</subfield></datafield><datafield tag="500" ind1=" " ind2=" "><subfield code="a">Incipit: "حمد بیحد و ثنای بیعد معبودی را سزد که بافاضۀ [به افاضه] انوار وجود مكتومات ظلمات عدم را بعرصۀ ظهور در آورده ..."</subfield></datafield><datafield tag="500" ind1=" " ind2=" "><subfield code="a">Title from preface (dībāchah) on p.7.</subfield></datafield><datafield tag="500" ind1=" " ind2=" "><subfield code="a">Ms. codex.</subfield></datafield><datafield tag="510" ind1="4" ind2=" "><subfield code="a">Cat. Pers. Mss. Brit. Mus.,</subfield><subfield code="c">p. 31</subfield></datafield><datafield tag="520" ind1="8" ind2=" "><subfield code="a">Superb copy of the treatise on Shīʻī theology by Rafīʻ al-Dīn Muḥammad ibn Ḥaydar al-Ḥusaynī al-Ṭabāṭabāʼī al-Nāʼinī (d.1670 or 73?), in an introduction (in two parts, faṣl-i avval, faṣl-i duvvum) and eight subjects (maṭlab) each in several faṣls.</subfield></datafield><datafield tag="538" ind1=" " ind2=" "><subfield code="a">Mode of access: Internet.</subfield></datafield><datafield tag="541" ind1=" " ind2=" "><subfield code="c">Purchase ;</subfield><subfield code="a">Acquired by purchase (funds donated by Horace Rackham).</subfield><subfield code="d">1924.</subfield></datafield><datafield tag="546" ind1=" " ind2=" "><subfield code="a">Persian.</subfield></datafield><datafield tag="561" ind1=" " ind2=" "><subfield code="a">Inscription in pencil on verso of front flyleaf "331 T. D. M. [i.e. Tammaro De Marinis]" ; traces of an oval seal impression and possibly an obliterated ownership statement on 'title page' (p.3) ; clean copy.</subfield></datafield><datafield tag="650" ind1=" " ind2="0"><subfield code="a">Manuscripts, Persian</subfield><subfield code="z">Michigan</subfield><subfield code="z">Ann Arbor.</subfield></datafield><datafield tag="650" ind1=" " ind2="0"><subfield code="a">God (Islam)</subfield><subfield code="v">Early works to 1800.</subfield></datafield><datafield tag="650" ind1=" " ind2="0"><subfield code="a">Shīʻah</subfield><subfield code="x">Doctrines</subfield><subfield code="v">Early works to 1800.</subfield></datafield><datafield tag="655" ind1=" " ind2="7"><subfield code="a">Headpieces (layout features)</subfield><subfield code="y">17th century.</subfield><subfield code="2">aat</subfield></datafield><datafield tag="700" ind1="0" ind2=" "><subfield code="6">880-04</subfield><subfield code="a">Āqā Muḥammad al-Marāghī,</subfield><subfield code="d">fl. 1655 or 6,</subfield><subfield code="e">scribe.</subfield></datafield><datafield tag="700" ind1="0" ind2=" "><subfield code="a">Abdülhamid</subfield><subfield code="b">II,</subfield><subfield code="c">Sultan of the Turks,</subfield><subfield code="d">1842-1918,</subfield><subfield code="e">former owner.</subfield></datafield><datafield tag="773" ind1="0" ind2=" "><subfield code="a">Abdul Hamid Collection.</subfield></datafield><datafield tag="880" ind1="0" ind2=" "><subfield code="6">700-04/</subfield><subfield code="a">آقا محمد المراغي,</subfield><subfield code="e">ناسخ.</subfield></datafield><datafield tag="880" ind1="1" ind2="0"><subfield code="6">245-03/</subfield><subfield code="a">شجره آلهيه,</subfield><subfield code="f">[1066ه, 1655 او 1656م].</subfield></datafield><datafield tag="880" ind1="1" ind2=" "><subfield code="6">100-01/</subfield><subfield code="a">رفيعا, محمد بن حيدر.</subfield></datafield><datafield tag="CID" ind1=" " ind2=" "><subfield code="a">006804482</subfield></datafield><datafield tag="DAT" ind1="0" ind2=" "><subfield code="a">20190719102636.0</subfield><subfield code="b">20190719000000.0</subfield></datafield><datafield tag="DAT" ind1="1" ind2=" "><subfield code="a">20190719090653.0</subfield><subfield code="b">2019-07-19T16:11:41Z</subfield></datafield><datafield tag="DAT" ind1="2" ind2=" "><subfield code="a">2015-10-02T18:00:03Z</subfield></datafield><datafield tag="CAT" ind1=" " ind2=" "><subfield code="a">SDR-MIU</subfield><subfield code="d">EX LIBRIS - ALEPH</subfield><subfield code="l">prepare.pl-004-008</subfield></datafield><datafield tag="FMT" ind1=" " ind2=" "><subfield code="a">BK</subfield></datafield><datafield tag="HOL" ind1=" " ind2=" "><subfield code="0">sdr-miu006804482</subfield><subfield code="a">MiU</subfield><subfield code="b">SDR</subfield><subfield code="c">MIU</subfield><subfield code="p">mdp.39015079126655</subfield><subfield code="s">MIU</subfield><subfield code="1">006804482</subfield></datafield><datafield tag="974" ind1=" " ind2=" "><subfield code="b">MIU</subfield><subfield code="c">MIU</subfield><subfield code="d">20190719</subfield><subfield code="s">lit-dlps-dc</subfield><subfield code="u">mdp.39015079126655</subfield><subfield code="y">1656</subfield><subfield code="r">pd</subfield><subfield code="q">bib</subfield><subfield code="t">non-US bib date2 &lt; 1896</subfield></datafield></record></collection>